@Article{Moskt2007Conflict,
  author = {Moskat, Csaba and Hauber, Mark E.},
  pages = {377-386},
  title = {Conflict between egg recognition and egg rejection decisions in common cuckoo \textit{(Cuculus canorus)} hosts},
  volume = {10},
  year = {2007},
  journal = {Animal Cognition},
}
@Article{MartinGalvez2006A,
  author = {Martin-Galvez, D. and Soler, J. J. and Martinez, J. G. and Krupa, A. P. and Richard, M. and Soler, M. and Moller, A. P. and Burke, T.},
  pages = {543-550},
  title = {A quantitative trait locus for recognition of foreign eggs in the host of a brood parasite},
  volume = {19},
  year = {2006},
  journal = {Journal of Evolutionary Biology},
}
@Article{Marchetti2000Egg,
  author = {Marchetti, Karen},
  pages = {877-883},
  title = {Egg rejection in a passerine bird: size does matter},
  volume = {59},
  year = {2000},
  journal = {Animal Behaviour},
}
@Article{Hauber2000Selfreferent,
  author = {Hauber, M. E. and Sherman, P. W. and Paprika, D.},
  pages = {113-117},
  title = {Self-referent phenotype matching in a brood parasite: the armpit effect in brown-headed cowbirds \textit{(Molothrus \textitater.)}},
  volume = {3},
  year = {2000},
  journal = {Animal Cognition},
}
@Article{Roskaft1991Behavioural,
  author = {Roskaft, Eivin and Korsnes, Lars and Pedersen, Hans Chr. and Moksnes, Arne and Braa, Anders T. and Lampe, Helene M.},
  pages = {64-89},
  title = {Behavioural responses of potential hosts towards artificial cuckoo eggs and dummies},
  volume = {116},
  year = {1991},
  journal = {Behaviour},
}
@Article{Davies1996Recognition,
  author = {and Brooke, M. De L.  and Kacelnik, Alejandro},
  pages = {925-931},
  title = {Recognition errors and probability of parasitism determine whether reed warblers should accept or reject mimetic cuckoo eggs},
  volume = {263},
  year = {1996},
  journal = {Proceedings of the Royal Society of London. Series B: Biological Sciences},
}
@Article{Haest2019Cuckoos,
  author = {Haest, Birgen},
  pages = {59-66},
  title = {Cuckoos: The holy grail of avian biodiversity conservation?},
  volume = {97},
  year = {2019},
  journal = {Ecological Indicators},
}
@Article{Krger2004The,
  author = {Kruger, Oliver and Davies, Nicholas B.},
  pages = {210-218},
  title = {The evolution of egg size in the brood parasitic cuckoos},
  volume = {15},
  year = {2004},
  journal = {Behavioral Ecology},
}
@Article{Moksnes1995Eggmorphs,
  author = {Moksnes, Arne and Roskaft, Eivin R.},
  pages = {625-648},
  title = {Egg-morphs and host preference in the common cuckoo \textit{(Cuculus canorus)}: an analysis of cuckoo and host eggs from European museum collections},
  volume = {236},
  year = {1995},
  journal = {Journal of Zoology},
}
@Article{Latter1902The,
  author = {Latter, O. H.},
  pages = {164-176},
  title = {The egg of \textit{Cuculus canorus}: an enquiry into the dimensions of the cuckoo's ego and the relation of the variations to the size of the eggs of the foster-parent, with notes on coloration},
  volume = {1},
  year = {1902},
  journal = {Biometrika},
}
@Misc{RCoreTeam2018R,
  author = {R Core Team},
  title = {R: a language and environment for statistical computing},
  year = {2018},
}